<record><leader>00000cas a22000007a 4500</leader><controlfield tag="001">13640346</controlfield><controlfield tag="008">860523d19261949njuwr ne      0    0eng d</controlfield><datafield ind1=" " ind2=" " tag="010"><subfield code="a">sn 86077141 </subfield></datafield><datafield ind1=" " ind2=" " tag="040"><subfield code="a">NPA</subfield><subfield code="b">eng</subfield><subfield code="c">NPA</subfield><subfield code="d">NJW</subfield><subfield code="d">OCLCQ</subfield></datafield><datafield ind1=" " ind2=" " tag="042"><subfield code="a">msc</subfield></datafield><datafield ind1="0" ind2="4" tag="245"><subfield code="a">The Milltown review.</subfield></datafield><datafield ind1=" " ind2=" " tag="260"><subfield code="a">Milltown, N.J. :</subfield><subfield code="b">Milltown Pub. Co.,</subfield><subfield code="c">-1949.</subfield></datafield><datafield ind1=" " ind2=" " tag="300"><subfield code="a">v. :</subfield><subfield code="b">ill.</subfield></datafield><datafield ind1=" " ind2=" " tag="310"><subfield code="a">Weekly</subfield></datafield><datafield ind1="1" ind2=" " tag="362"><subfield code="a">Began with July 23, 1926 issue.</subfield></datafield><datafield ind1="0" ind2=" " tag="362"><subfield code="a">-v. 24, no. 9 (July 29, 1949).</subfield></datafield><datafield ind1=" " ind2=" " tag="530"><subfield code="a">Also issued on microfilm by Rutgers University Library.</subfield></datafield><datafield ind1=" " ind2=" " tag="752"><subfield code="a">United States</subfield><subfield code="b">New Jersey</subfield><subfield code="c">Middlesex</subfield><subfield code="d">Milltown.</subfield></datafield><datafield ind1="0" ind2="7" tag="785"><subfield code="t">Milltown sentinel</subfield><subfield code="w">(DLC)sn 86077153</subfield><subfield code="w">(OCoLC)13640333</subfield></datafield><datafield ind1="0" ind2="7" tag="785"><subfield code="t">Milltown review, consolidated with the sentinel</subfield><subfield code="w">(DLC)sn 86077168</subfield><subfield code="w">(OCoLC)13640360</subfield></datafield><datafield ind1="1" ind2=" " tag="029"><subfield code="a">AU@</subfield><subfield code="b">000023450962</subfield></datafield></record>